@article{NuriaCollimator2015,
  title = {Design Study and Construction of a Transverse Beam Halo Collimation System for ATF2},
  author = {N. Fuster-Martinez, A. Faus-Golfe, I. Podadera, F. Toral, K. Kubo, T. Okugi, T. Tauchi, N. Terunuma, P. Bambade, S.Liu, S. Wallon},
  journal = {Proc. 6th International Particle Accelerator Conference, Richmond, VA, USA, paper WEPMN059},
  pages = {3062 -- 3065},
  year = {2015},
  isbn = {978-3-95450-168-7},
  url = {http://jacow.org/IPAC2015/papers/wepmn059.pdf}
}
