@BOOK{SiDLOI,
      author         = {{Aihara, H. et al.}},
      title          = {{SiD Letter of Intent}},
      year           = {2009},
      note   	     = {arXiv:0911.0006 [physics.ins-det]}
}
@BOOK{TDR1,
	title = {{The International Linear Collider Technical Design Report - Volume 1: Executive Summary}},
	author = {{Behnke, T. et al. [ILC Collaboration]}},
	year = {2013},
    note = {arXiv:1306.6327 [physics.acc-ph]}
}
@BOOK{TDR4,
	title = {{The International Linear Collider Technical Design Report - Volume 4: Detectors}},
	author = {{Behnke, T. et al. [ILC Collaboration]}},
	year = {2013},
        note = {arXiv:1306.6329 [physics.acc-ph]}
}
@inproceedings{HelixProceeding,
  title = {{Pair Background Envelopes in the SiD Detector}},
  year = {2017},
  author = {{Anne Sch\"utz}},
  organization = {Proceedings of the International Workshop on Future Linear Colliders (LCWS2016), Morioka, Japan, 5-9 December 2016. C16-12-05.4},
  note = {arXiv:1703.05737},
  url = {http://www.slac.stanford.edu/econf/C1612054/}
}
@phdthesis{Schulte:1997nga,
  author       = {Daniel Schulte}, 
  title        = {{Study of Electromagnetic and Hadronic Background in the Interaction Region of the TESLA Collider}},
  school       = {{DESY}},
  year         = 1997
}
