@misc{ICFA_Statement,
  author       = {{ICFA panel}}, 
  title        = {{ICFA Statement on the ILC Operating at 250 GeV as a Higgs Boson Factory}},
  howpublished = "LCB Conclusion Report, \url{http://icfa.fnal.gov/wp-content/uploads/ICFA-Statement-Nov2017.pdf}",
  year         = 2017,
  month        = nov
}
@misc{CR-005,
  author       = {ILC Technical and Change Management Board}, 
  title        = {{Change Request No. ILC-CR-005, Update of published ILC top-level luminosity parameters}},
  howpublished = "EDMS No: D*01100895",
  year         = 2015,
  month        = apr
}
@misc{CR-0016,
  author       = {ILC Technical and Change Management Board}, 
  title        = {{Change Request No. ILC-CR-0016, Luminosity Improvement at 250GeV CM}},
  howpublished = "EDMS No: D*1159725",
  year         = 2017,
  month        = sep
}
@Misc{AWLC_Yokoya,
  author =       {Kaoru Yokoya},
  title =        {{Overview of ILC optimization at the center of mass energy of 250GeV}},
  year =         {2017},
  month =        jun,
  note =         {{Contribution to Americas Workshop on Linear Colliders AWLC17, June 26-30, 2017
SLAC, Menlo Park, CA}},
  howpublished = {\url{https://agenda.linearcollider.org/event/7507/contributions/39290/attachments/31821/47993/HigherLumi250GeV-AWLC2017-Yokoya.pdf}}
}
@Misc{AWLC_Jeans,
  author =       {Daniel Jeans},
  title =        {{Physics impact of 250 GeV Optimization}},
  year =         {2017},
  month =        jun,
  note =         {{Contribution to Americas Workshop on Linear Colliders AWLC17, June 26-30, 2017
SLAC, Menlo Park, CA}},
  howpublished = {\url{https://agenda.linearcollider.org/event/7507/contributions/39291/attachments/31828/48012/mdi-beamparams-awlc-2017.pdf}}
}
@BOOK{SiDLOI,
      author         = {{Aihara, H. et al.}},
      title          = {{SiD Letter of Intent}},
      year           = {2009},
      note   	     = {arXiv:0911.0006 [physics.ins-det]}
}
@BOOK{TDR1,
	title = {{The International Linear Collider Technical Design Report - Volume 1: Executive Summary}},
	author = {{Behnke, T. et al. [ILC Collaboration]}},
	year = {2013},
    note = {arXiv:1306.6327 [physics.acc-ph]}
}
@BOOK{TDR4,
	title = {{The International Linear Collider Technical Design Report - Volume 4: Detectors}},
	author = {{Behnke, T. et al. [ILC Collaboration]}},
	year = {2013},
        note = {arXiv:1306.6329 [physics.acc-ph]}
}
@inproceedings{HelixProceeding,
  title = {{Pair Background Envelopes in the SiD Detector}},
  year = {2017},
  author = {{Anne Sch\"utz}},
  organization = {Proceedings of the International Workshop on Future Linear Colliders (LCWS2016), Morioka, Japan, 5-9 December 2016. C16-12-05.4},
  note = {arXiv:1703.05737},
  url = {http://www.slac.stanford.edu/econf/C1612054/}
}
@phdthesis{Schulte:1997nga,
  author       = {Daniel Schulte}, 
  title        = {{Study of Electromagnetic and Hadronic Background in the Interaction Region of the TESLA Collider}},
  school       = {{DESY}},
  year         = 1997
}
@Misc{CAIN,
  author =       {Kaoru Yokoya},
  title =        {{User's Manual of CAIN, Version 2.42}},
  year =         {2011},
  month =        jun,
  howpublished = {\url{https://ilc.kek.jp/~yokoya/CAIN/Cain242/CainMan242.pdf}}
}
@article{geant_ref,
      author         = "S. Agostinell and others",
      title          = "{GEANT4: A Simulation toolkit}",
      collaboration  = "GEANT4",
      journal        = "Nucl. Instrum. Meth. A",
      volume         = "506",
      year           = "2003",
      pages          = "250-303",
      doi            = "10.1016/S0168-9002(03)01368-8",
      reportNumber   = "SLAC-PUB-9350, FERMILAB-PUB-03-339",
      SLACcitation   = "%%CITATION = NUIMA,A506,250;%%"
}
@ARTICLE{geant_ref2,
	author = {J. Allison and others},
	journal = {{IEEE Transactions on Nuclear Science}},
	title = {{Geant4 developments and applications}},
	year = {2006},
	volume = {53},
	number = {1},
	pages = {270-278},
	doi = {10.1109/TNS.2006.869826},
	ISSN = {0018-9499},
	month = {Feb}
}
@article{SLIC,
      author         = "Graf, N. and McCormick, J.",
      title          = "{Simulator for the linear collider (SLIC): A tool for ILC
                        detector simulations}",
      booktitle      = "{Calorimetry in high energy physics. Proceedings, 12th
                        International Conference, CALOR 2006, Chicago, USA, June
                        5-9, 2006}",
      journal        = "AIP Conf. Proc.",
      volume         = "867",
      year           = "2006",
      pages          = "503-512",
      doi            = "10.1063/1.2396991",
      note           = "[,503(2006)]",
      reportNumber   = "SLAC-PUB-12350",
      SLACcitation   = "%%CITATION = APCPC,867,503;%%"
}
