@misc{P.Hamnett,
  title={Scheme of the {DESY Test Beam} generation},
  howpublished={Cf. \url{http://testbeam.desy.de/e130573/e130913/testbeamlayout.pdf} - redesigned by Phillip Hamnett, PhD, DESY},
  year={January 2015}
}

@MISC{slic,
  title= {{Simulator for the Linear Collider (SLIC)}},
  howpublished = "\url{https://confluence.slac.stanford.edu/display/ilc/SLIC}"
}

@MISC{gdml,
  title= {{Geometry Description Markup Language (GDML)}},
  howpublished = "\url{http://gdml.web.cern.ch/GDML/}"
}

@misc{LCSim,
  title={{LCSim D}ocumentation},
  howpublished = "\url{http://www.lcsim.org/sites/lcsim/}"
}

@misc{LCIO_Doc,
  title={{LCIO} {D}ocumentation},
  howpublished = "\url{http://lcio.desy.de/v01-07/doc/doxygen_api/html/classEVENT_1_1LCIO.html}"
}

@misc{SLIC_LCPhys,
  title={Geant4 physics list {LCP}hys},
  howpublished = "\url{https://confluence.slac.stanford.edu/display/ilc/What+is+LCPhys}"
}

@misc{testbeam-web2-fig,
  title={Description of the {DESY} {T}est {B}eam {A}ttributes. {M}ap of the {DESY-II} tunnel and the test beam lines},
  howpublished = "\url{http://testbeam.desy.de/e130573/e130905/e130916/hall2-beamequipment-a0.pdf}"
}

@Book{PDG,
  author = {K.A. Olive et al. (Particle Data Group)},
  title = {Review of {P}article {P}hysics},
  journal = {Chin.Phys. C},
  year = {2014},
  volume = {38},
  number = {090001},
  doi = {10.1088/1674-1137/38/9/090001},
  url = {http://pdg.lbl.gov/2014/download/rpp2014-Chin.Phys.C.38.090001.pdf}
}

@misc{DESY_TB_magnet_MR,
  title={Technical drawings for test beam magnet {MR}},
  howpublished = "\url{http://testbeam.desy.de/e130575/e131178/e131193/MR-Data-6Pages.pdf}"
}

@Book{Paul,
  author = {Paul Sch{\"u}tze},
  title = {Energy calibration of the {DESY} test beam in beamline 21},
  journal = {{DESY} summer student project},
  year = {September 11, 2013},
  url = {http://www.desy.de/f/students/2013/reports/schuetze.pdf.gz}
}

@misc{Geantino,
  title={{Geant4 Users' Guide}},
  howpublished = "\url{https://geant4.web.cern.ch/geant4/UserDocumentation/UsersGuides/ForApplicationDeveloper/html/ch05s03.html}"
}

@article{Agostinelli2003250,
title = "Geant4—a simulation toolkit ",
journal = "Nuclear Instruments and Methods in Physics Research Section A: Accelerators, Spectrometers, Detectors and Associated Equipment ",
volume = "506",
number = "3",
pages = "250 - 303",
year = "2003",
note = "",
issn = "0168-9002",
doi = "http://dx.doi.org/10.1016/S0168-9002(03)01368-8",
url = "http://www.sciencedirect.com/science/article/pii/S0168900203013688",
author = "S. Agostinelli and J. Allison and K. Amako and J. Apostolakis and H. Araujo and P. Arce and M. Asai and D. Axen and S. Banerjee and G. Barrand and F. Behner and L. Bellagamba and J. Boudreau and L. Broglia and A. Brunengo and H. Burkhardt and S. Chauvie and J. Chuma and R. Chytracek and G. Cooperman and G. Cosmo and P. Degtyarenko and A. Dell'Acqua and G. Depaola and D. Dietrich and R. Enami and A. Feliciello and C. Ferguson and H. Fesefeldt and G. Folger and F. Foppiano and A. Forti and S. Garelli and S. Giani and R. Giannitrapani and D. Gibin and J.J. Gómez Cadenas and I. González and G. Gracia Abril and G. Greeniaus and W. Greiner and V. Grichine and A. Grossheim and S. Guatelli and P. Gumplinger and R. Hamatsu and K. Hashimoto and H. Hasui and A. Heikkinen and A. Howard and V. Ivanchenko and A. Johnson and F.W. Jones and J. Kallenbach and N. Kanaya and M. Kawabata and Y. Kawabata and M. Kawaguti and S. Kelner and P. Kent and A. Kimura and T. Kodama and R. Kokoulin and M. Kossov and H. Kurashige and E. Lamanna and T. Lampén and V. Lara and V. Lefebure and F. Lei and M. Liendl and W. Lockman and F. Longo and S. Magni and M. Maire and E. Medernach and K. Minamimoto and P. Mora de Freitas and Y. Morita and K. Murakami and M. Nagamatu and R. Nartallo and P. Nieminen and T. Nishimura and K. Ohtsubo and M. Okamura and S. O'Neale and Y. Oohata and K. Paech and J. Perl and A. Pfeiffer and M.G. Pia and F. Ranjard and A. Rybin and S. Sadilov and E. Di Salvo and G. Santin and T. Sasaki and N. Savvas and Y. Sawada and S. Scherer and S. Sei and V. Sirotenko and D. Smith and N. Starkov and H. Stoecker and J. Sulkimo and M. Takahata and S. Tanaka and E. Tcherniaev and E. Safai Tehrani and M. Tropeano and P. Truscott and H. Uno and L. Urban and P. Urban and M. Verderi and A. Walkden and W. Wander and H. Weber and J.P. Wellisch and T. Wenaus and D.C. Williams and D. Wright and T. Yamada and H. Yoshida and D. Zschiesche",
keywords = "Simulation",
keywords = "Particle interactions",
keywords = "Geometrical modelling",
keywords = "Software engineering",
keywords = "Object-oriented technology",
keywords = "Distributed software development "
}

@ARTICLE{1610988,
author={Allison, J. and Amako, K. and Apostolakis, J. and Araujo, H. and Dubois, P.A. and Asai, M. and Barrand, G. and Capra, R. and Chauvie, S. and Chytracek, R. and Cirrone, G.A.P. and Cooperman, G. and Cosmo, G. and Cuttone, G. and Daquino, G.G. and Donszelmann, M. and Dressel, M. and Folger, G. and Foppiano, F. and Generowicz, J. and Grichine, V. and Guatelli, S. and Gumplinger, P. and Heikkinen, A. and Hrivnacova, I. and Howard, A. and Incerti, S. and Ivanchenko, V. and Johnson, T. and Jones, F. and Koi, T. and Kokoulin, R. and Kossov, M. and Kurashige, H. and Lara, V. and Larsson, S. and Lei, F. and Link, O. and Longo, F. and Maire, M. and Mantero, A. and Mascialino, B. and McLaren, I. and Lorenzo, P.M. and Minamimoto, K. and Murakami, K. and Nieminen, P. and Pandola, L. and Parlati, S. and Peralta, L. and Perl, J. and Pfeiffer, A. and Pia, M.G. and Ribon, A. and Rodrigues, P. and Russo, G. and Sadilov, S. and Santin, G. and Sasaki, T. and Smith, D. and Starkov, N. and Tanaka, S. and Tcherniaev, E. and Tome, B. and Trindade, A. and Truscott, P. and Urban, L. and Verderi, M. and Walkden, A. and Wellisch, J.P. and Williams, D.C. and Wright, D. and Yoshida, H.},
journal={Nuclear Science, IEEE Transactions on},
title={Geant4 developments and applications},
year={2006},
month={Feb},
volume={53},
number={1},
pages={270-278},
keywords={physics computing;Geant4;astrophysics;high energy physics;performance optimization;space science;Application software;Astrophysics;Kernel;Large Hadron Collider;Medical simulation;Object oriented modeling;Physics;Production;Protection;Software tools;Electromagnetic interactions;hadronic interactions;object-oriented technology;particle interactions;physics validation;simulation},
doi={10.1109/TNS.2006.869826},
ISSN={0018-9499},}

@article{Graf:2006ei,
      author         = "Graf, N. and McCormick, J.",
      title          = "{Simulator for the linear collider (SLIC): A tool for ILC
                        detector simulations}",
      booktitle      = "{Calorimetry in high energy physics. Proceedings, 12th
                        International Conference, CALOR 2006, Chicago, USA, June
                        5-9, 2006}",
      journal        = "AIP Conf. Proc.",
      volume         = "867",
      year           = "2006",
      pages          = "503-512",
      doi            = "10.1063/1.2396991",
      note           = "[,503(2006)]",
      reportNumber   = "SLAC-PUB-12350",
      SLACcitation   = "%%CITATION = APCPC,867,503;%%"
}
@article{McCormick:2005jc,
      author         = "McCormick, J.",
      title          = "{Full Detector Simulation Using SLIC and LCDD}",
      booktitle      = "{2005 International Linear Collider Workshop : LCWS 2005
                        : Stanford, California, USA, 18-22 March, 2005}",
      journal        = "eConf",
      volume         = "C050318",
      year           = "2005",
      pages          = "1003",
      reportNumber   = "SLAC-PUB-11418, LCWS-2005-1003",
      SLACcitation   = "%%CITATION = ECONF,C050318,1003;%%"
}
@article{Aplin:2012kj,
      author         = "Aplin, Steve and Engels, Jan and Gaede, Frank and Graf,
                        Norman A. and Johnson, Tony and others",
      title          = "{LCIO: A Persistency Framework and Event Data Model for
                        HEP}",
      pages          = "2075-2079",
      doi            = "10.1109/NSSMIC.2012.6551478",
      year           = "2012",
      reportNumber   = "SLAC-PUB-15296",
      SLACcitation   = "%%CITATION = SLAC-PUB-15296 ETC.;%%",
}