@BOOK{TDR,
	title = {{The International Linear Collider Technical Design Report}},
	author = {{Behnke, T. et al. [ILC Collaboration]}},
	year = {2013},
    note = {arXiv:1306.6327 [physics.acc-ph]}
}

@BOOK{ILC_TDR_4,
	title = {{The International Linear Collider Technical Design Report -- Volume 4, Detectors}},
	author = {{Behnke, T. et al. [ILC Collaboration]}},
	year = {2013},
    reportNumber   = {ILC-REPORT-2013-040},
    note = {arXiv:1306.6329 [physics.ins-det]},
}

@BOOK{Smith:2012qr,
	title = {{B}ook {T}itle},
	publisher = {Publisher},
	author = {Smith, J.~M. and Jones, A.~B.},
	year = {2012},
	edition = {7th},
}

@ARTICLE{Smith:2013jd,
	author = {Jones, A.~B. and Smith, J.~M.},
	title = {{A}rticle {T}itle},
	journal = {{J}ournal {T}itle},
	year = {2013},
	volume = {13},
	pages = {123-456},
	number = {52},
	month = {March},
	publisher = {Publisher}
}

@MISC{Confluence,
	author = {Schuetz, Anne and Strube, Jan},
    title = {{Confluence page Simulation 
    of the background events for the SiD detector'}},
    howpublished = {\url{https://wikis.bris.ac.uk/display/sid/Simulation+of+the+background+events+for+the+SiD+detector}}
}

@article{geant_ref,
      author         = "S. Agostinell and others",
      title          = "{GEANT4: A Simulation toolkit}",
      collaboration  = "GEANT4",
      journal        = "Nucl. Instrum. Meth. A",
      volume         = "506",
      year           = "2003",
      pages          = "250-303",
      doi            = "10.1016/S0168-9002(03)01368-8",
      reportNumber   = "SLAC-PUB-9350, FERMILAB-PUB-03-339",
      SLACcitation   = "%%CITATION = NUIMA,A506,250;%%"
}
@ARTICLE{geant_ref2,
	author = {J. Allison and others},
	journal = {{IEEE Transactions on Nuclear Science}},
	title = {{Geant4 developments and applications}},
	year = {2006},
	volume = {53},
	number = {1},
	pages = {270-278},
	doi = {10.1109/TNS.2006.869826},
	ISSN = {0018-9499},
	month = {Feb}
}

@MISC{geant4,
    title = {{Geant4}},
    howpublished = {\url{http://geant4.web.cern.ch/geant4/}}
}

@phdthesis{Schulte:1997nga,
      author         = "Schulte, Daniel",
      title          = "{Study of Electromagnetic and Hadronic Background in the
                        Interaction Region of the TESLA Collider}",
      school         = "DESY",
      year           = "1997",
      url            = "http://inspirehep.net/record/888433/files/shulte.pdf",
      reportNumber   = "DESY-TESLA-97-08, TESLA-97-08",
      SLACcitation   = "%%CITATION = DESY-TESLA-97-08;%%"
}

@MISC{GuineaPigGrid,
    title = {{GuineaPig ASCII output files of the pair background for the ILC-500}},
   	howpublished = {/ilc/user/a/aschuetz/GuineaPig}
}

@MISC{GuineaPigMan,
    title = {{GuineaPig Manual (SLAC NLC webpage version)}},
   	howpublished = {\url{http://www-sldnt.slac.stanford.edu/snowmass/Software/GuineaPig/gpman.pdf}}
}

@article{Graf:2006ei,
      author         = "Graf, N. and McCormick, J.",
      title          = "{Simulator for the linear collider (SLIC): A tool for ILC
                        detector simulations}",
      booktitle      = "{Calorimetry in high energy physics. Proceedings, 12th
                        International Conference, CALOR 2006, Chicago, USA, June
                        5-9, 2006}",
      journal        = "AIP Conf. Proc.",
      volume         = "867",
      year           = "2006",
      pages          = "503-512",
      doi            = "10.1063/1.2396991",
      note           = "[,503(2006)]",
      reportNumber   = "SLAC-PUB-12350",
      SLACcitation   = "%%CITATION = APCPC,867,503;%%"
}

@article{ref:Whizard,
     author  = "Kilian, W. and Ohl, T. and Reuter, J.",
     title = {Simulating Multi-Particle Processes at LHC and ILC},
     journal = "Eur. Phys. J.", 
	year = {2011},
	volume = {C71},
	pages = {1742},
    eprint = "arXiv: 0708.4233 [hep-ph]",
}

@article{Aihara:2009ad,
      author         = "Aihara, H. and Burrows, P. and Oreglia, M. and Berger, E.
                        L. and Guarino, V. and Repond, J. and Weerts, H. and Xia,
                        L. and Zhang, J. and Zhang, Q. and others ",
      title          = "{SiD Letter of Intent}",
      year           = "2009",
      eprint         = "0911.0006",
      archivePrefix  = "arXiv",
      primaryClass   = "physics.ins-det",
      reportNumber   = "SLAC-R-989, FERMILAB-LOI-2009-01, FERMILAB-PUB-09-681-E",
      SLACcitation   = "%%CITATION = ARXIV:0911.0006;%%"
}

@article{KPiX,
      author         = "Brau, J. and others",
      title          = "{KPiX - A 1,024 channel readout ASIC for the ILC}",
      journal        = "Proc. of the 2012 IEEE Symposium on Nucelar Science and Medical Imaging",
      volume         = "",
      year           = "2012",
      pages          = "1857 - 1860 ",
      doi            = "10.1109/NSSMIC.2012.6551433",
      reportNumber   = "",
      SLACcitation   = "%%CITATION = %%"
}


@article{ref:antiDiD,
    author = {Parker, B. and Seryi, A.},
    title = "{Compensation of the effects of a detector solenoid on the vertical beam orbit in a linear collider}",
	journal = {Physical Review Special Topics -- Accelerators and Beams},
	year = {2005},
	volume = {8},
	pages = {041001},
	number = {4},
    }
    
@article{Chen:1993dba,
      author         = "Chen, Pisin and Barklow, Timothy L. and Peskin, Michael
                        E.",
      title          = "{Hadron production in gamma gamma collisions as a
                        background for e+ e- linear colliders}",
      journal        = "Phys. Rev.",
      volume         = "D49",
      year           = "1994",
      pages          = "3209-3227",
      doi            = "10.1103/PhysRevD.49.3209",
      eprint         = "hep-ph/9305247",
      archivePrefix  = "arXiv",
      primaryClass   = "hep-ph",
      reportNumber   = "SLAC-PUB-5873",
      SLACcitation   = "%%CITATION = HEP-PH/9305247;%%"
}